@article{ChatGPT,
  title={Role of chat gpt in public health},
  author={Biswas, Som S},
  journal={Annals of biomedical engineering},
  volume={51},
  number={5},
  pages={868--869},
  year={2023},
  publisher={Springer}
}